@inproceedings{Baumer:2015:USE:2702123.2702147,
 author = {Baumer, Eric P.S.},
 title = {Usees},
 booktitle = {Proceedings of the 33rd Annual ACM Conference on Human Factors in Computing Systems},
 series = {CHI '15},
 year = {2015},
 isbn = {978-1-4503-3145-6},
 location = {Seoul, Republic of Korea},
 pages = {3295--3298},
 numpages = {4},
 url = {http://doi.acm.org/10.1145/2702123.2702147},
 doi = {10.1145/2702123.2702147},
 acmid = {2702147},
 publisher = {ACM},
 address = {New York, NY, USA},
 keywords = {non-use, usees, users},
} 

@article{mazumdar2015health,
  title={Health and Health Care: The Long Road to Universal Coverage--The Case of Delhi, Capital Territory of India},
  author={Mazumdar, Sumit and Mazumdar, Papiya Guha},
  journal={Journal of Health Systems},
  volume={1},
  number={1},
  pages={27--30},
  year={2015}
  
  
}